%% This BibTeX bibliography file was created using BibDesk.
%% http://bibdesk.sourceforge.net/


%% Created for Kathryn Evans at 2015-12-08 12:10:34 -0500 


%% Saved with string encoding Unicode (UTF-8) 



@article{imagenet,
	Author = {A. Krizhevsky, I. Sutskever, G. Hinton},
	Date-Added = {2015-12-08 17:08:33 +0000},
	Date-Modified = {2015-12-08 17:10:31 +0000},
	Journal = {Neural Information Processing Systems},
	Title = {ImageNet Classification with Deep Convolutional Neural Networks},
	Year = {2012}}

@article{Dropout,
	Author = {N. Srivastava, Hinton, Krizhevsky, Sutskever and Salakhutdinov},
	Date-Added = {2015-12-08 16:54:15 +0000},
	Date-Modified = {2015-12-08 16:56:33 +0000},
	Journal = {Journal of Machine Learning Research},
	Month = {June},
	Pages = {1929-1958},
	Title = {Dropout: A Simple Way to Prevent Neural Networks from Overfitting},
	Volume = {15},
	Year = {2014}}

@article{TensorFlowWeb,
	Author = {Google Brain Team},
	Date-Added = {2015-12-08 16:33:10 +0000},
	Date-Modified = {2015-12-08 16:34:09 +0000},
	Journal = {https://www.tensorflow.org/},
	Title = {About Tensor Flow},
	Year = {2015}}

@article{TensorFlowGH,
	Author = {Google},
	Date-Added = {2015-12-08 16:29:47 +0000},
	Date-Modified = {2015-12-08 16:35:59 +0000},
	Journal = {https://github. com/tensorflow/tensorflow.git},
	Title = {TensorFlow},
	Year = {2015}}

@article{Lecun95,
	Author = {Y. LeCun, L. D. Jackel, L. Bottou, A. Brunot, C. Cortes, J. S. Denker, H. Drucker, I. Guyon, U. A. Muller, E. Sackinger, P. Simard and V. Vapnik},
	Date-Added = {2015-12-05 23:03:45 +0000},
	Date-Modified = {2015-12-05 23:05:00 +0000},
	Journal = {International Conference on Artificial Neural Networks},
	Title = {Comparison of learning algorithms for handwritten digit recognition},
	Volume = {53-60},
	Year = {1995}}

@article{LeCun89,
	Author = {Y. Lecun, B. Boser, J.S. Denker, D. Henderson, R.E. Howard,},
	Date-Added = {2015-12-05 19:18:12 +0000},
	Date-Modified = {2015-12-05 21:36:55 +0000},
	Journal = {Neural Computation},
	Pages = {541-551},
	Title = {Backpropagation Applied to Handwritten Zip Code Recognition},
	Volume = {1},
	Year = {1989}}

@book{Bishop,
	Author = {Christopher Bishop},
	Date-Added = {2015-11-23 16:54:50 +0000},
	Date-Modified = {2015-11-23 16:55:43 +0000},
	Edition = {1},
	Publisher = {Springer-Verlag New York},
	Title = {Pattern Recognition and Machine Learning},
	Year = {2006}}

@article{StanfordTut,
	Author = {Stanford Unsupervised Feature Learning Deep Learning Tutorial},
	Date-Added = {2015-11-23 16:05:25 +0000},
	Date-Modified = {2015-11-23 16:40:14 +0000},
	Journal = {http://ufldl.stanford.edu/tutorial /supervised/ConvolutionalNeuralNetwork/},
	Title = {Convolutional Neural Netowrk}}

@article{Li2015,
	Author = {Wei Li and Min Li and Zhong Su and Zhigang Zhu},
	Date-Added = {2015-11-22 23:54:21 +0000},
	Date-Modified = {2015-11-22 23:55:04 +0000},
	Journal = {Machine Vision Applications (MVA), 2015 14th IAPR International Conference on},
	Keywords = {face recognition;feature extraction;learning (artificial intelligence);neural nets;CIFE recognition;CNN;candid image facial expression recognition;convolutional neural network;data augmentation technique;deep-learning approach;feature-based approach;Computational modeling;Face;Face recognition;Feature extraction;Image recognition;Neural networks;Trainin},
	Month = {May},
	Pages = {279-282},
	Title = {A deep-learning approach to facial expression recognition with candid images},
	Year = {2015}}

@article{Szarvas2006,
	Author = {Szarvas, M. and Sakai, U. and Ogata, J},
	Date-Added = {2015-11-22 23:48:17 +0000},
	Date-Modified = {2015-11-22 23:49:33 +0000},
	Journal = {Intelligent Vehicles Symposium, 2006 IEEE},
	Keywords = {image classification;neural nets;object detection;optical radar;traffic engineering computing;LIDAR;computational cost;convolutional neural network;image classifier;image region;object detection;real-time pedestrian detection;region of interest;Accidents;Cameras;Computational efficiency;Detectors;Laboratories;Laser radar;Neural networks;Object detection;Real time systems;Sensor systems},
	Pages = {213-218},
	Title = {Real-time Pedestrian Detection Using LIDAR and Convolutional Neural Networks},
	Year = {2006}}

@article{LeCun1998,
	Author = {Y. LeCun, L. Bottou, Y. Bengio, and P. Haffne},
	Date-Added = {2015-11-22 23:27:49 +0000},
	Date-Modified = {2015-11-22 23:28:56 +0000},
	Journal = {Proceedings of the IEEE},
	Month = {November},
	Number = {11},
	Pages = {2278-2324},
	Title = {Gradient-based learning applied to document recognition},
	Volume = {86},
	Year = {1998}}

@article{MNIST,
	Author = {Y. LeCunn, C. Cortes, C.J.C. Burges},
	Date-Added = {2015-11-22 23:14:29 +0000},
	Date-Modified = {2015-12-08 16:36:18 +0000},
	Journal = {http://yann.lecun.com/exdb/mnist/ index.html},
	Title = {The MNIST Database of handwritten digits},
	Bdsk-Url-1 = {http://yann.lecun.com/exdb/mnist/index.html}}

@techreport{MatlabCNN,
	Author = {S. L. Phung and A. Bouzerdoum},
	Date-Added = {2015-11-22 23:06:40 +0000},
	Date-Modified = {2015-11-22 23:19:48 +0000},
	Institution = {Visual and Audio Signal Processing Lab University of Wollongong},
	Title = {MATLAB Library for Convolutional Neural Networks},
	Year = {2009}}

@article{Karpathy,
	Author = {Andrej Karpathy},
	Date-Added = {2015-11-22 19:50:37 +0000},
	Date-Modified = {2015-11-22 20:39:17 +0000},
	Journal = {http://karpathy.github.io/2015/10/25/selfie/},
	Title = {What a Deep Neural Network thinks about your selfie},
	Year = {2015}}
